@book{book2,
	author = {Kshemkalyani, Ajay D. and Singhal, Mukesh},
	title = {Distributed Computing:
	Principles, Algorithms, and Systems},
	year = {2008},
}

@book{manger,
	author = {Manger, Robert},
title = {Distribuirani procesi},
year = {2016},
note = {interna skripta},
}

@book{gary,
	author = {Garg, V.K.},
	title = {Concurrent and Distributed Computing in Java},
	year = {Wiley â€“ IEEE Press, Hoboken NY, 2004.},
}
